% A. Mir's research articles

% Journals
@article{mirjul2018,
	author="Mir, A.
	and Nasiri, Jalal A.",
	title="KNN-based least squares twin support vector machine for pattern classification",
	journal="Applied Intelligence",
	year="2018",
	month="Dec",
	day="01",
	volume="48",
	number="12",
	pages="4551--4564",
	issn="1573-7497",
}

@article{mirnov2018,
    author={نصیری، جلال‌الدین، میر، امیرمحمود و فتاحی، سمیه},
	title = {دسته‌بندی سبک‌های یادگیری با استفاده از ویژگی‌های رفتاری و ماشین بردار پشتیبان دوقلو},
	journal= {مجله فناوری آموزش},
	language={persian},
	year = {۱۳۹۷},
	month = {آبان},

}

%%%%%%%%%%%%%%%%%%%%%%%%%%%%%%%%%%%%%%%%%%%


@inproceedings{mirjul2017,
	author = {میر، امیرمحمود، نصیری، جلا‌‌ل‌الدین و فتاحی، سمیه},
	title = {تحلیل احساس نظرات فیلم‌ها با استفاده از ماشین بردار پیشتیبان دوقلو کمترین مربعات},
	booktitle = {اولین کنفرانس ملی اصول مهندسی برق و کامپیوتر},
	month = {مرداد},
	year = {۱۳۹۶},
	publisher = {دانشگاه پیام نور},
	location={تهران، ایران},
	language={persian}
}


@inproceedings{mirsep2017,
	author = {میر، امیرمحمود، نصیری، جلا‌‌ل‌الدین و فتاحی، سمیه},
	title = {پیش‌بینی ابعاد شخصیتی یادگیرندگان در محیط یادگیری الکترونیکی با استفاده از ماشین بردار پشتیبان دوقلو کمترین مربعات},
	booktitle = {دومین کنفرانس بین‌المللی پژوهش‌های دانش بنیان در مهندسی کامپیوتر و فناوری اطلاعات},
	month = {شهریور},
	year = {1396},
	publisher = {دانشگاه علامه طباطبایی},
	language={persian}
}

@inproceedings{mirfeb2018,
	author = {میر، امیرمحمود و نصیری، جلال‌الدین},
	title = {نظرکاوی خودکار نقد فیلم‌ها با رویکرد مقاوم‌سازی ماشین بردار پشتیبان},
	booktitle = {چهارمین همایش ملی زبان شناسی رایانشی},
	month = {بهمن},
	year = {۱۳۹۶},
	publisher = {پژوهشگاه علوم انسانی و مطالعات فرهنگی},
	language={persian}
}


