% A. Mir's research articles

% Journals
@article{mir2019joss,
	author="Mir, A.
	and Nasiri, Jalal A.",
	title="LightTwinSVM: A Simple and Fast Implementation of
	Standard Twin Support Vector Machine Classifier",
	journal="The Journal of Open Source Software",
	year="(Submitted)"
}

@article{mir2019,
	author="Mir, A.
	and Nasiri, Jalal A.",
	title="An enhanced KNN-based twin support vector machine with
	stable learning rules",
	journal="Neural Computing and Applications",
    year="(Under review)"
}

@article{mirjul2018,
	author="Mir, A.
	and Nasiri, Jalal A.",
	title="KNN-based least squares twin support vector machine for pattern classification",
	journal="Applied Intelligence",
	year="2018",
	month="Dec",
	day="01",
	volume="48",
	number="12",
	pages="4551--4564",
	issn="1573-7497",
}

@article{mirjul2018,
	author="Mir, A.
	and Nasiri, Jalal A.",
	title="KNN-based least squares twin support vector machine for pattern classification",
	journal="Applied Intelligence",
	year="2018",
	month="Dec",
	day="01",
	volume="48",
	number="12",
	pages="4551--4564",
	issn="1573-7497",
}

@article{mirnov2018,
	author = {Nasiri, Jalal A. and Mir, A. and Fatahi, Somayeh},
	title = {Classification of learning styles using behavioral features and twin support
	vector machine},
	journal= {Journal of Technology of Education},
	year = {2018},
	month = {November},
}

%%%%%%%%%%%%%%%%%%%%%%%%%%%%%%%%%%%%%%%%%%%

% Conferences
@inproceedings{mirjul2017,
	author = {Mir, A. and Nasiri, Jalal A. and Fatahi, Somayeh},
	title = {Sentiment Analysis of Movie Reviews using Least Squares Twin Support Vector Machine},
	booktitle = {1st Conference on Participles of Electrical and Computer Engineering
	},
	month = {July},
	year = {2017},
	publisher = {Payame Noor University},
}

@inproceedings{mirsep2017,
	author = {Mir, A. and Fatahi, Somayeh and Nasiri, Jalal A.},
	title = {Prediction of Personality Models in E-learning Environments using Twin Support Vector Machine},
	booktitle = {2nd International Conference on Knowledge-Based Research in Computer Engineering and Information Technology},
	month = {September},
	year = {2017},
	publisher = {Allameh Tabataba'i University},
}

@inproceedings{mirfeb2018,
	author = {Mir, A. and Nasiri, Jalal A.},
	title = {Automatic Opinion Mining of Movie Reviews using Robust Twin Support Vector Machine},
	booktitle = {4th Iranian Conference on Computational Linguistics},
	month = {February},
	year = {2018},
	publisher = {Institute for Humanities and Cultural Studies},
}


