% A. Mir's research articles

@inproceedings{mirjul2017,
	author = {Mir, A. and Nasiri, Jalal A. and Fatahi, Somayeh},
	title = {Sentiment Analysis of Movie Reviews using Least Squares Twin Support Vector Machine},
	booktitle = {1st Conference on Participles of Electrical and Computer Engineering
	},
	month = {July},
	year = {2017},
	publisher = {Payame Noor University},
}

@inproceedings{mirsep2017,
	author = {Mir, A. and Fatahi, Somayeh and Nasiri, Jalal A.},
	title = {Prediction of Personality Models in E-learning Environments using Twin Support Vector Machine},
	booktitle = {2nd International Conference on Knowledge-Based Research in Computer Engineering and Information Technology},
	month = {September},
	year = {2017},
	publisher = {Allameh Tabataba'i University},
}

@inproceedings{mirfeb2018,
	author = {Mir, A. and Nasiri, Jalal A.},
	title = {Automatic Opinion Mining of Movie Reviews using Robust Twin Support Vector Machine},
	booktitle = {4th Iranian Conference on Computational Linguistics},
	month = {February},
	year = {2018},
	publisher = {Institute for Humanities and Cultural Studies},
}